@inproceedings{DBLP:conf/aiia/AlvianoBCDGKMMM20,
  author    = {Mario Alviano and
               Riccardo Bertolucci and
               Matteo Cardellini and
               Carmine Dodaro and
               Giuseppe Galat{\`{a}} and
               Muhammad Kamran Khan and
               Marco Maratea and
               Marco Mochi and
               Victoria Morozan and
               Ivan Porro and
               Marco Schouten},
  title     = {Answer Set Programming in Healthcare: Extended Overview},
  booktitle = {Proceedings of IPS-RCRA@AI*IA 2020},
  series    = {{CEUR} Workshop Proceedings},
  volume    = {2745},
  publisher = {CEUR-WS.org},
  year      = {2020},
  url       = {http://ceur-ws.org/Vol-2745/paper7.pdf},
  timestamp = {Fri, 18 Dec 2020 16:04:16 +0100},
  biburl    = {https://dblp.org/rec/conf/aiia/AlvianoBCDGKMMM20.bib},
  bibsource = {dblp computer science bibliography, https://dblp.org}
}

@inproceedings{ICAPS21,
  author       = {Matteo Cardellini and
                  Marco Maratea and
                  Mauro Vallati and
                  Gianluca Boleto and
                  Luca Oneto},
  editor       = {Susanne Biundo and
                  Minh Do and
                  Robert Goldman and
                  Michael Katz and
                  Qiang Yang and
                  Hankz Hankui Zhuo},
  title        = {In-Station Train Dispatching: {A} {PDDL+} Planning Approach},
  booktitle    = {Proceedings of the Thirty-First International Conference on Automated Planning and Scheduling, {ICAPS} 2021},
  pages        = {450--458},
  publisher    = {{AAAI} Press},
  year         = {2021},
  url          = {https://ojs.aaai.org/index.php/ICAPS/article/view/15991},
  timestamp    = {Wed, 30 Aug 2023 08:38:08 +0200},
  biburl       = {https://dblp.org/rec/conf/aips/CardelliniMVBO21.bib},
  bibsource    = {dblp computer science bibliography, https://dblp.org}
}